@misc{Grifski:2019:Histogram,
  author = {Jeremy Grifski},
  title = {{Genre Histogram - CSE 5539}},
  year = {2019 (accessed 09-April-2019)},
  howpublished = "\url{https://jrg94.github.io/CSE5539/term-project/musiviz/genre-histogram.html}"
}

@misc{Grifski:2019:Duration,
  author = {Jeremy Grifski},
  title = {{Duration Vs. Release Date Plot - CSE 5539}},
  year = {2019 (accessed 09-April-2019)},
  howpublished = "\url{https://jrg94.github.io/CSE5539/term-project/musiviz/duration-vs-release-date.html}"
}

@misc{Grifski:2019:dBFS,
  author = {Jeremy Grifski},
  title = {{dBFS Vs. Release Date Plot - CSE 5539}},
  year = {2019 (accessed 09-April-2019)},
  howpublished = "\url{https://jrg94.github.io/CSE5539/term-project/musiviz/dbfs-vs-release-date.html}"
}
